<?xml version="1.0" encoding="UTF-8"?><collection xmlns="http://www.loc.gov/MARC21/slim"><record><leader>00355nam--2200121-i-4500</leader><controlfield tag="001">000037953</controlfield><controlfield tag="002">20161230</controlfield><controlfield tag="005">20161230201041</controlfield><controlfield tag="008">060222s1000------------r-----000-0-eng-d</controlfield><datafield ind1=" " ind2=" " tag="100"><subfield code="a">Ratcliff,J. A</subfield></datafield><datafield ind1=" " ind2=" " tag="245"><subfield code="a">The magneto-ionic theory and its applications to the ionosphere. a monograph</subfield></datafield><datafield ind1=" " ind2=" " tag="260"><subfield code="a">Cambridge, At The Univ.Press, 1959, X + 206p</subfield></datafield><datafield ind1=" " ind2=" " tag="852"><subfield code="a">15637</subfield></datafield></record></collection>